<?xml version="1.0" encoding="UTF-8"?><collection xmlns="http://www.loc.gov/MARC21/slim"><record><leader>00532nam--2200169-i-4500</leader><controlfield tag="001">000010044</controlfield><controlfield tag="002">20161230</controlfield><controlfield tag="005">20170118002045</controlfield><controlfield tag="008">060222s1000------------r-----000-0-eng-d</controlfield><datafield ind1=" " ind2=" " tag="020"><subfield code="a">514</subfield></datafield><datafield ind1=" " ind2=" " tag="100"><subfield code="a">Bennett, H. S</subfield></datafield><datafield ind1=" " ind2=" " tag="245"><subfield code="a">Arpa-nbs Program Of Research On High Tempera- Ture Materials And Laser Materials. Reporting Period January 1 To June 30, 1969</subfield></datafield><datafield ind1=" " ind2=" " tag="260"><subfield code="a">Washington</subfield><subfield code="b">U.S. Government Printing Office</subfield><subfield code="c">1970</subfield></datafield><datafield ind1=" " ind2=" " tag="300"><subfield code="a">95 p</subfield></datafield><datafield ind1=" " ind2=" " tag="490"><subfield code="a">Nbs Technical Note</subfield></datafield><datafield ind1=" " ind2=" " tag="700"><subfield code="a">Franklin, A. D</subfield></datafield><datafield ind1=" " ind2=" " tag="CAT"><subfield code="a">SYS</subfield><subfield code="c">20170118</subfield><subfield code="h">002045</subfield></datafield></record></collection>